@book{halliday2013fundamentals,
  title={Fundamentals of physics},
  author={Halliday, David and Resnick, Robert and Walker, Jearl},
  year={2013},
  publisher={John Wiley \& Sons}
}
